<record><leader>00000cas a2200000 a 4500</leader><controlfield tag="001">842009521</controlfield><controlfield tag="006">m     o  d        </controlfield><controlfield tag="007">cr |||||||||||</controlfield><controlfield tag="008">130507d18331868kyudr neo     0    0eng  </controlfield><datafield ind1=" " ind2=" " tag="010"><subfield code="a">  2013263199</subfield></datafield><datafield ind1=" " ind2=" " tag="040"><subfield code="a">TXA</subfield><subfield code="b">eng</subfield><subfield code="c">TXA</subfield><subfield code="d">TXA</subfield><subfield code="d">OCLCF</subfield></datafield><datafield ind1=" " ind2=" " tag="042"><subfield code="a">pcc</subfield></datafield><datafield ind1=" " ind2=" " tag="043"><subfield code="a">n-us-ky</subfield></datafield><datafield ind1="0" ind2=" " tag="130"><subfield code="a">Louisville daily journal (Louisville, Ky. : 1833)</subfield></datafield><datafield ind1="1" ind2="4" tag="245"><subfield code="a">The Louisville daily journal</subfield><subfield code="h">[electronic resource].</subfield></datafield><datafield ind1="1" ind2=" " tag="246"><subfield code="a">Louisville journal</subfield></datafield><datafield ind1=" " ind2=" " tag="260"><subfield code="3">&lt;May 5, 1836-Dec. 31, 1839&gt; :</subfield><subfield code="a">Louisville, Kentucky :</subfield><subfield code="b">Prentice &amp; Weissinger,</subfield><subfield code="c">-[1868]</subfield></datafield><datafield ind1="2" ind2=" " tag="260"><subfield code="3">&lt;Jan. 1, 1866&gt;-May 17, 1867 :</subfield><subfield code="a">Louisville, Kentucky :</subfield><subfield code="b">Prentice, Henderson &amp; Osborne</subfield></datafield><datafield ind1="2" ind2=" " tag="260"><subfield code="3">May 18, 1867 :</subfield><subfield code="a">Louisville, Kentucky :</subfield><subfield code="b">Journal Office Co.</subfield></datafield><datafield ind1="3" ind2=" " tag="260"><subfield code="3">May 20, 1867-Nov. 7, 1868 :</subfield><subfield code="a">Louisville, Kentucky :</subfield><subfield code="b">Louisville Journal Co.</subfield></datafield><datafield ind1=" " ind2=" " tag="310"><subfield code="a">Daily</subfield></datafield><datafield ind1="1" ind2=" " tag="362"><subfield code="a">Print began in 1833; ceased with: Vol. 38, no. 295 (Nov. 7, 1868).</subfield></datafield><datafield ind1=" " ind2=" " tag="500"><subfield code="a">Published as: Louisville journal, with no masthead &lt;Dec. 31, 1838&gt;-Mar. 18, 1839.</subfield></datafield><datafield ind1=" " ind2=" " tag="500"><subfield code="a">Editors: George Denison Prentice, 1833-1868; Paul R. Shipman, &lt;1855&gt;-1868; James S. Wallace, 1861.</subfield></datafield><datafield ind1=" " ind2=" " tag="515"><subfield code="a">Publication suspended: Aug. 1855-Oct. 1856.</subfield></datafield><datafield ind1=" " ind2=" " tag="580"><subfield code="a">Evening eds.: Louisville evening bulletin; Evening bulletin (Louisville, Ky.).</subfield></datafield><datafield ind1=" " ind2=" " tag="580"><subfield code="a">Campaign ed.: Louisville journal, extra.</subfield></datafield><datafield ind1=" " ind2=" " tag="580"><subfield code="a">Merged with: Louisville daily courier (Louisville, Ky. : 1851), to form: Louisville courier-journal (Louisville, Ky. : Daily).</subfield></datafield><datafield ind1=" " ind2=" " tag="588"><subfield code="a">Description based on: Vol. 6, no. 140 (May 5, 1836); title from masthead (ProQuest, viewed Apr. 23, 2013).</subfield></datafield><datafield ind1=" " ind2=" " tag="588"><subfield code="a">Latest issue consulted: Vol. 38, no. 295 (Nov. 7, 1868) (ProQuest, viewed Apr. 23, 2013).</subfield></datafield><datafield ind1=" " ind2="0" tag="651"><subfield code="a">Jefferson County (Ky.)</subfield><subfield code="v">Newspapers.</subfield></datafield><datafield ind1=" " ind2="0" tag="651"><subfield code="a">Louisville (Ky.)</subfield><subfield code="v">Newspapers.</subfield></datafield><datafield ind1=" " ind2="7" tag="655"><subfield code="a">Newspapers.</subfield><subfield code="2">fast</subfield><subfield code="0">(OCoLC)fst01423814</subfield></datafield><datafield ind1=" " ind2="7" tag="651"><subfield code="a">Kentucky</subfield><subfield code="z">Jefferson County.</subfield><subfield code="2">fast</subfield><subfield code="0">(OCoLC)fst01205464</subfield></datafield><datafield ind1=" " ind2="7" tag="651"><subfield code="a">Kentucky</subfield><subfield code="z">Louisville.</subfield><subfield code="2">fast</subfield><subfield code="0">(OCoLC)fst01204602</subfield></datafield><datafield ind1="1" ind2=" " tag="700"><subfield code="a">Prentice, George D.</subfield><subfield code="q">(George Denison),</subfield><subfield code="d">1802-1870.</subfield></datafield><datafield ind1="1" ind2=" " tag="700"><subfield code="a">Shipman, Paul R.</subfield></datafield><datafield ind1="1" ind2=" " tag="700"><subfield code="a">Wallace, James S.</subfield></datafield><datafield ind1=" " ind2=" " tag="752"><subfield code="a">United States</subfield><subfield code="b">Kentucky</subfield><subfield code="c">Jefferson</subfield><subfield code="d">Louisville.</subfield></datafield><datafield ind1="0" ind2=" " tag="775"><subfield code="t">Louisville journal (Louisville, Ky. : Triweekly)</subfield></datafield><datafield ind1="0" ind2=" " tag="775"><subfield code="t">Louisville journal (Louisville, Ky. : Weekly)</subfield></datafield><datafield ind1="0" ind2=" " tag="775"><subfield code="t">Louisville weekly journal</subfield></datafield><datafield ind1="0" ind2=" " tag="775"><subfield code="t">Louisville weekly bulletin</subfield></datafield><datafield ind1="1" ind2=" " tag="775"><subfield code="t">Louisville journal, extra</subfield></datafield><datafield ind1="1" ind2=" " tag="775"><subfield code="t">Louisville evening bulletin</subfield></datafield><datafield ind1="1" ind2=" " tag="775"><subfield code="t">Evening bulletin (Louisville, Ky.)</subfield></datafield><datafield ind1="0" ind2="8" tag="776"><subfield code="i">Print version:</subfield><subfield code="t">Louisville daily journal (Louisville, Ky. : 1833)</subfield><subfield code="w">(DLC)sn 84027471</subfield><subfield code="w">(OCoLC)11207218</subfield></datafield><datafield ind1="0" ind2="0" tag="780"><subfield code="t">Daily journal and focus</subfield></datafield><datafield ind1="1" ind2="7" tag="785"><subfield code="t">Louisville daily courier (Louisville, Ky. : 1851)</subfield><subfield code="w">(DLC)  2013263184</subfield><subfield code="w">(OCoLC)842042553</subfield></datafield><datafield ind1="1" ind2="7" tag="785"><subfield code="t">Louisville courier-journal (Louisville, Ky. : Daily)</subfield><subfield code="w">(DLC)  2013263175</subfield><subfield code="w">(OCoLC)842011343</subfield></datafield><datafield ind1="4" ind2="0" tag="856"><subfield code="u">http://search.proquest.com/hnplouisvillecourierjournal/publication/1066357/</subfield></datafield></record>